<record><leader>00000cas a22000007a 4500</leader><controlfield tag="001">12001709</controlfield><controlfield tag="008">850506d19471948wiuwr ne      0    0eng d</controlfield><datafield ind1=" " ind2=" " tag="010"><subfield code="a">sn 85040703 </subfield></datafield><datafield ind1=" " ind2=" " tag="040"><subfield code="a">NPV</subfield><subfield code="b">eng</subfield><subfield code="c">NPV</subfield><subfield code="d">OCLCQ</subfield></datafield><datafield ind1=" " ind2=" " tag="042"><subfield code="a">msc</subfield></datafield><datafield ind1=" " ind2=" " tag="045"><subfield code="a">x4x4</subfield></datafield><datafield ind1=" " ind2=" " tag="052"><subfield code="a">4123</subfield><subfield code="b">W2</subfield></datafield><datafield ind1="0" ind2=" " tag="130"><subfield code="a">Bay leaves (Williams Bay, Wis. : 1947)</subfield></datafield><datafield ind1="1" ind2="0" tag="245"><subfield code="a">Bay leaves.</subfield></datafield><datafield ind1=" " ind2=" " tag="260"><subfield code="a">Williams Bay, Wis. :</subfield><subfield code="b">T.B. Hanchett,</subfield><subfield code="c">1947-</subfield></datafield><datafield ind1=" " ind2=" " tag="300"><subfield code="a">v.</subfield></datafield><datafield ind1=" " ind2=" " tag="310"><subfield code="a">Weekly</subfield></datafield><datafield ind1="0" ind2=" " tag="362"><subfield code="a">Vol. 1, [no. 1] (Jan. 23, 1947)-</subfield></datafield><datafield ind1=" " ind2=" " tag="500"><subfield code="a">Editor: T.B. Hanchett, Jan. 23, 1947-&lt;Aug. 21, 1947&gt;.</subfield></datafield><datafield ind1=" " ind2=" " tag="530"><subfield code="a">Available on microfilm from The State Historical Society of Wisconsin.</subfield></datafield><datafield ind1=" " ind2=" " tag="752"><subfield code="a">United States</subfield><subfield code="b">Wisconsin</subfield><subfield code="c">Walworth</subfield><subfield code="d">Williams Bay.</subfield></datafield><datafield ind1="1" ind2=" " tag="029"><subfield code="a">AU@</subfield><subfield code="b">000025804191</subfield></datafield></record>